<record xmlns="http://www.loc.gov/MARC21/slim" xmlns:xsi="http://www.w3.org/2001/XMLSchema-instance" xsi:schemaLocation="http://www.loc.gov/MARC21/slim http://www.loc.gov/standards/marcxml/schema/MARC21slim.xsd">

  <leader>00659nam a2200181Ia 4500</leader>
  <datafield ind1=" " ind2=" " tag="999">
    <subfield code="c">1308</subfield>
    <subfield code="d">1308</subfield>
  </datafield>
  <controlfield tag="008">170605b2000    cl ||||| |||| 00| | spa d</controlfield>
  <datafield ind1=" " tag="090" ind2=" ">
    <subfield code="a">04.03.03 </subfield>
    <subfield code="b">724</subfield>
  </datafield>
  <datafield ind1="1" ind2=" " tag="100">
    <subfield code="a">Winkler, Donald R.</subfield>
    <subfield code="9">2897</subfield>
  </datafield>
  <datafield tag="245" ind2="4" ind1="1">
    <subfield code="a">Los efectos de la descentralización del sistema educacional sobre la calidad de la educación en América Latina / </subfield>
    <subfield code="c">Donald R. Winkler, Alec Ian Gershberg</subfield>
  </datafield>
  <datafield ind1=" " ind2=" " tag="260">
    <subfield code="a">Santiago de Chile : </subfield>
    <subfield code="b">PREAL, </subfield>
    <subfield code="c">2000</subfield>
  </datafield>
  <datafield tag="300" ind2=" " ind1=" ">
    <subfield code="a">23 páginas</subfield>
  </datafield>
  <datafield ind1=" " ind2=" " tag="490">
    <subfield code="a">Documentos,</subfield>
    <subfield code="v">no.17</subfield>
  </datafield>
  <datafield tag="650" ind2="4" ind1="1">
    <subfield code="a">SISTEMAS DE ENSEÑANZA</subfield>
    <subfield code="9">401</subfield>
  </datafield>
  <datafield ind2="4" tag="650" ind1="1">
    <subfield code="a">CALIDAD DE LA EDUCACIÓN</subfield>
    <subfield code="9">11</subfield>
  </datafield>
  <datafield ind1="1" ind2="4" tag="650">
    <subfield code="9">2184</subfield>
    <subfield code="a">DESCENTRALIZACIÓN</subfield>
  </datafield>
  <datafield ind1="1" ind2=" " tag="700">
    <subfield code="a">Gershberg, Alec Ian</subfield>
    <subfield code="9">2898</subfield>
  </datafield>
  <datafield ind2=" " tag="942" ind1=" ">
    <subfield code="2">z</subfield>
    <subfield code="c">01</subfield>
  </datafield>
</record>